<record><leader>00000cas a22000007a 4500</leader><controlfield tag="001">12442598</controlfield><controlfield tag="008">850830c18929999inudn ne      0    0eng d</controlfield><datafield ind1=" " ind2=" " tag="010"><subfield code="a">sn 85048036 </subfield></datafield><datafield ind1=" " ind2=" " tag="040"><subfield code="a">NPI</subfield><subfield code="b">eng</subfield><subfield code="c">NPI</subfield><subfield code="d">KNP</subfield><subfield code="d">NVF</subfield><subfield code="d">OCLCQ</subfield><subfield code="d">OCLCF</subfield><subfield code="d">OCLCO</subfield><subfield code="d">IUL</subfield><subfield code="d">OCL</subfield></datafield><datafield ind1=" " ind2=" " tag="042"><subfield code="a">msc</subfield></datafield><datafield ind1=" " ind2=" " tag="043"><subfield code="a">n-us-in</subfield></datafield><datafield ind1="0" ind2=" " tag="130"><subfield code="a">Madison courier (Madison, Ind. : Daily)</subfield></datafield><datafield ind1="1" ind2="4" tag="245"><subfield code="a">The Madison courier.</subfield></datafield><datafield ind1=" " ind2=" " tag="260"><subfield code="a">Madison, Ind. :</subfield><subfield code="b">[Don R. Wallis],</subfield><subfield code="c">1892-</subfield></datafield><datafield ind1=" " ind2=" " tag="300"><subfield code="a">v. :</subfield><subfield code="b">ill. ;</subfield><subfield code="c">58 cm.</subfield></datafield><datafield ind1=" " ind2=" " tag="310"><subfield code="a">Daily (except Sunday)</subfield></datafield><datafield ind1="0" ind2=" " tag="362"><subfield code="a">Vol. 45, no. 273 (Mar. 12, 1892)-</subfield></datafield><datafield ind1=" " ind2=" " tag="500"><subfield code="a">Publisher's name from ... Ayer Directory of publications.</subfield></datafield><datafield ind1=" " ind2=" " tag="500"><subfield code="a">"Republican."</subfield></datafield><datafield ind1=" " ind2=" " tag="500"><subfield code="a">Includes Madison Sesquicentennial edition (Aug. 19, 1959)--and Madison Courier Centennial edition (Apr. 28, 1949).</subfield></datafield><datafield ind1=" " ind2=" " tag="580"><subfield code="a">Weekly eds.: Madison weekly courier (Madison, Ind. : 1877), 1892-1893, and: Madison courier (Madison, Ind. : 1893), 1893-1921.</subfield></datafield><datafield ind1=" " ind2=" " tag="580"><subfield code="a">Semiweekly ed.: Madison courier (Madison, Ind. : Semiweekly), 1893-1896.</subfield></datafield><datafield ind1=" " ind2="0" tag="651"><subfield code="a">Madison (Ind.)</subfield><subfield code="v">Newspapers.</subfield></datafield><datafield ind1=" " ind2="0" tag="651"><subfield code="a">Jefferson County (Ind.)</subfield><subfield code="v">Newspapers.</subfield></datafield><datafield ind1=" " ind2="7" tag="651"><subfield code="a">Indiana</subfield><subfield code="z">Jefferson County.</subfield><subfield code="2">fast</subfield><subfield code="0">(OCoLC)fst01232953</subfield></datafield><datafield ind1=" " ind2="7" tag="651"><subfield code="a">Indiana</subfield><subfield code="z">Madison.</subfield><subfield code="2">fast</subfield><subfield code="0">(OCoLC)fst01237191</subfield></datafield><datafield ind1=" " ind2="7" tag="655"><subfield code="a">Newspapers.</subfield><subfield code="2">fast</subfield><subfield code="0">(OCoLC)fst01423814</subfield></datafield><datafield ind1=" " ind2=" " tag="752"><subfield code="a">United States</subfield><subfield code="b">Indiana</subfield><subfield code="c">Jefferson</subfield><subfield code="d">Madison.</subfield></datafield><datafield ind1="1" ind2=" " tag="775"><subfield code="t">Madison weekly courier (Madison, Ind. : 1877)</subfield><subfield code="w">(DLC)sn 83025617</subfield><subfield code="w">(OCoLC)9664054</subfield></datafield><datafield ind1="1" ind2=" " tag="775"><subfield code="t">Madison courier (Madison, Ind. : 1893)</subfield><subfield code="w">(DLC)sn 85048038</subfield><subfield code="w">(OCoLC)12444498</subfield></datafield><datafield ind1="1" ind2=" " tag="775"><subfield code="t">Madison courier (Madison, Ind. : Semiweekly)</subfield><subfield code="w">(DLC)sn 85048040</subfield><subfield code="w">(OCoLC)12444565</subfield></datafield><datafield ind1="0" ind2="0" tag="780"><subfield code="t">Madison daily courier (Madison, Ind. : 1869)</subfield><subfield code="w">(DLC)sn 85048034</subfield><subfield code="w">(OCoLC)12442170</subfield></datafield><datafield ind1="1" ind2=" " tag="029"><subfield code="a">AU@</subfield><subfield code="b">000024687487</subfield></datafield></record>